@inproceedings{wu2012energy,
  title={An energy framework for the network simulator 3 (ns-3)},
  author={Wu, He and Nabar, Sidharth and Poovendran, Radha},
  booktitle={4th International ICST Conference on Simulation Tools and Techniques},
  year={2012}
}

@inproceedings{capuzzo2021ns,
  title={An ns-3 implementation of a battery-less node for energy-harvesting internet of things},
  author={Capuzzo, Martina and Delgado, Carmen and Famaey, Jeroen and Zanella, Andrea},
  booktitle={Proceedings of the 2021 Workshop on ns-3},
  pages={57--64},
  year={2021}
}

@book{carreira2020foundations,
  title={Foundations of multi-paradigm modelling for cyber-physical systems},
  author={Carreira, Paulo and Amaral, Vasco and Vangheluwe, Hans},
  year={2020},
  publisher={Springer Nature}
}

@article{gomes2017co,
  title={Co-simulation: State of the art},
  author={Gomes, Cl{\'a}udio and Thule, Casper and Broman, David and Larsen, Peter Gorm and Vangheluwe, Hans},
  journal={arXiv preprint arXiv:1702.00686},
  year={2017}
}

@article{riley2010ns,
  title={The ns-3 network simulator},
  author={Riley, George F and Henderson, Thomas R},
  journal={Modeling and tools for network simulation},
  pages={15--34},
  year={2010},
  publisher={Springer}
}

@inproceedings{cremona2016step,
  title={Step revision in hybrid co-simulation with FMI},
  author={Cremona, Fabio and Lohstroh, Marten and Broman, David and Di Natale, Marco and Lee, Edward A and Tripakis, Stavros},
  booktitle={2016 ACM/IEEE International Conference on Formal Methods and Models for System Design (MEMOCODE)},
  pages={173--183},
  year={2016},
  organization={IEEE}
}

@article{cremona2019hybrid,
  title={Hybrid co-simulation: itâ€™s about time},
  author={Cremona, Fabio and Lohstroh, Marten and Broman, David and Lee, Edward A and Masin, Michael and Tripakis, Stavros},
  journal={Software \& Systems Modeling},
  volume={18},
  pages={1655--1679},
  year={2019},
  publisher={Springer}
}

@article{tavella2016toward,
  title={Toward an Hybrid Co-simulation with the FMI-CS Standard},
  author={Tavella, Jean-Philippe and Caujolle, Mathieu and Tan, Charles and Plessis, Gilles and Schumann, Mathieu and Vialle, St{\'e}phane and Dad, Cherifa and Cuccuru, Arnaud and Revol, S{\'e}bastien},
  year={2016}
}